
<record>
  <controlfield tag="001">429996</controlfield>
  <datafield tag="035" ind1=" " ind2=" ">
    <subfield code="z">D98-01337</subfield>
    <subfield code="9">DESY</subfield>
  </datafield>
  <datafield tag="035" ind1=" " ind2=" ">
    <subfield code="a">Achasov:1996qp</subfield>
    <subfield code="9">SPIRESTeX</subfield>
  </datafield>
  <datafield tag="037" ind1=" " ind2=" ">
    <subfield code="a">BUDKER-INP-1996-47</subfield>
  </datafield>
  <datafield tag="245" ind1=" " ind2=" ">
    <subfield code="a">Status of the experiments with SND detector at e+ e- collider VEPP-2M in Novosibirsk</subfield>
  </datafield>
</record>